<?xml version="1.0" encoding="utf-8"?>
<record xmlns="http://www.loc.gov/MARC21/slim" xmlns:xsi="http://www.w3.org/2001/XMLSchema-instance" xsi:schemaLocation="http://www.loc.gov/MARC21/slim http://www.loc.gov/standards/marcxml/schema/MARC21slim.xsd">
	<leader>
		02036nam a2200385   4500
	</leader>
	<controlfield tag="001">
		002065406
	</controlfield>
	<controlfield tag="003">
		NNU
	</controlfield>
	<controlfield tag="006">
		m        d        
	</controlfield>
	<controlfield tag="007">
		cr cn |||m|||a
	</controlfield>
	<controlfield tag="008">
		150923s1967    iq a    o     000 0 ara  
	</controlfield>
	<datafield ind1=" " ind2=" " tag="040">
		<subfield code="a">
			NNU
		</subfield>
		<subfield code="b">
			eng
		</subfield>
		<subfield code="c">
			NNU
		</subfield>
	</datafield>
	<datafield ind1=" " ind2="0" tag="050">
		<subfield code="a">
			DS51.B3
		</subfield>
		<subfield code="b">
			H5
		</subfield>
	</datafield>
	<datafield ind1=" " ind2=" " tag="066">
		<subfield code="c">
			(3
		</subfield>
	</datafield>
	<datafield ind1=" " ind2=" " tag="090">
		<subfield code="a">
			DS79.9.B25
		</subfield>
		<subfield code="b">
			H54 1967
		</subfield>
	</datafield>
	<datafield ind1="1" ind2=" " tag="100">
		<subfield code="6">
			880-01
		</subfield>
		<subfield code="a">
			Ḥajjīyah, ʻAzīz Jāsim.
		</subfield>
	</datafield>
	<datafield ind1="1" ind2="0" tag="245">
		<subfield code="6">
			880-02
		</subfield>
		<subfield code="a">
			Baghdādīyāt
		</subfield>
		<subfield code="h">
			[electronic resource] :
		</subfield>
		<subfield code="b">
			taṣwīr lil-ḥayāh al-ijtimāʻīyah wa-al-ʻādāt al-Baghdādīyah khilāl miʼat ʻām.
		</subfield>
		<subfield code="c">
			Taʼlīf ʻAzīz Jāsim al-Ḥajjīyah.
		</subfield>
	</datafield>
	<datafield ind1=" " ind2=" " tag="260">
		<subfield code="6">
			880-03
		</subfield>
		<subfield code="a">
			Baghdād,
		</subfield>
		<subfield code="b">
			Mudīrīyat al-Funūn wa-al-Thaqāfah al-Shaʻbīyah fī Wizārat al-Thaqāfah wa-al-Irshād,
		</subfield>
		<subfield code="c">
			1967-
		</subfield>
	</datafield>
	<datafield ind1=" " ind2=" " tag="300">
		<subfield code="a">
			online resource (211 p.) :
		</subfield>
		<subfield code="b">
			illus.
		</subfield>
	</datafield>
	<datafield ind1="1" ind2=" " tag="490">
		<subfield code="6">
			880-04
		</subfield>
		<subfield code="a">
			Silsilah al-thaqāfīyah ;
		</subfield>
		<subfield code="v">
			14
		</subfield>
	</datafield>
	<datafield ind1=" " ind2=" " tag="500">
		<subfield code="a">
			Bibliography: p. 193.
		</subfield>
	</datafield>
	<datafield ind1=" " ind2=" " tag="500">
		<subfield code="a">
			Part of the Arabic Collections Online (ACO) project, contributed by New York Univeristy Libraries.
		</subfield>
	</datafield>
	<datafield ind1=" " ind2=" " tag="533">
		<subfield code="a">
			Electronic reproduction.
		</subfield>
		<subfield code="b">
			New York, N.Y. :
		</subfield>
		<subfield code="c">
			New York University,
		</subfield>
		<subfield code="d">
			2015.
		</subfield>
		<subfield code="5">
			NNU
		</subfield>
	</datafield>
	<datafield ind1=" " ind2="0" tag="651">
		<subfield code="a">
			Baghdad (Iraq)
		</subfield>
		<subfield code="x">
			Social life and customs.
		</subfield>
	</datafield>
	<datafield ind1="2" ind2=" " tag="710">
		<subfield code="a">
			New York University.
		</subfield>
		<subfield code="b">
			Libraries.
		</subfield>
	</datafield>
	<datafield ind1="0" ind2=" " tag="730">
		<subfield code="a">
			Arabic Collections Online.
		</subfield>
	</datafield>
	<datafield ind1="0" ind2="8" tag="776">
		<subfield code="i">
			Print version:
		</subfield>
		<subfield code="a">
			Ḥajjīyah, ʻAzīz Jāsim.
		</subfield>
		<subfield code="t">
			Baghdādīyāt
		</subfield>
		<subfield code="w">
			(NNU)002065406
		</subfield>
		<subfield code="w">
			(DLC)ne 67001480
		</subfield>
	</datafield>
	<datafield ind1="4" ind2="0" tag="856">
		<subfield code="u">
			http://hdl.handle.net/2333.1/8sf7m2vq
		</subfield>
	</datafield>
	<datafield ind1="0" ind2=" " tag="880">
		<subfield code="6">
			100-01/
		</subfield>
		<subfield code="a">
			عزيز جاسم الحجية.
		</subfield>
	</datafield>
	<datafield ind1="1" ind2="0" tag="880">
		<subfield code="6">
			245-02/
		</subfield>
		<subfield code="a">
			بغداديات،
		</subfield>
		<subfield code="b">
			تصور للحياة الاجتماعية والعادات البغدادية خمام مائة عامز
		</subfield>
		<subfield code="c">
			تأليف عزيز جاسم الحجية.
		</subfield>
	</datafield>
	<datafield ind1=" " ind2=" " tag="880">
		<subfield code="6">
			260-03/
		</subfield>
		<subfield code="a">
			بغداد،
		</subfield>
		<subfield code="b">
			مديرية الفنون والثقافة الشعبة في وزارة الثقافة والارشاد،
		</subfield>
		<subfield code="c">
			١٩٦٧.
		</subfield>
	</datafield>
	<datafield ind1="1" ind2=" " tag="880">
		<subfield code="6">
			490-04/
		</subfield>
		<subfield code="a">
			سلسلة الثقافية ؛
		</subfield>
		<subfield code="v">
			١٤
		</subfield>
	</datafield>
	<datafield ind1=" " ind2="0" tag="830">
		<subfield code="6">
			880-05
		</subfield>
		<subfield code="a">
			Silsilah al-thaqāfīyah ;
		</subfield>
		<subfield code="v">
			14.
		</subfield>
	</datafield>
	<datafield ind1=" " ind2="0" tag="880">
		<subfield code="6">
			830-05/
		</subfield>
		<subfield code="a">
			سلسلة الثقافية ؛
		</subfield>
		<subfield code="v">
			١٤
		</subfield>
	</datafield>
	<datafield ind1=" " ind2=" " tag="959">
		<subfield code="a">
			NNU
		</subfield>
		<subfield code="b">
			WEB
		</subfield>
		<subfield code="c">
			GENI
		</subfield>
		<subfield code="t">
			0
		</subfield>
		<subfield code="m">
			Electronic access
		</subfield>
		<subfield code="s">
			01
		</subfield>
	</datafield>
	<datafield ind1=" " ind2=" " tag="999">
		<subfield code="i">
			NNU_002065406
		</subfield>
		<subfield code="s">
			nyu_aco001296
		</subfield>
	</datafield>
</record>
